<?xml version="1.0" encoding="UTF-8"?><collection xmlns="http://www.loc.gov/MARC21/slim"><record><leader>00432nam--2200145-i-4500</leader><controlfield tag="001">000010373</controlfield><controlfield tag="002">20161230</controlfield><controlfield tag="005">20161230201028</controlfield><controlfield tag="008">060222s1000------------r-----000-0-eng-d</controlfield><datafield ind1=" " ind2=" " tag="080"><subfield code="a">539.17:061.62(047)(498)</subfield></datafield><datafield ind1=" " ind2=" " tag="245"><subfield code="a">Annual report on nuclear data research in roma nia during the year 1970</subfield></datafield><datafield ind1=" " ind2=" " tag="260"><subfield code="a">Bucharest, Institutul De Fizica Atomica, 1971 17 P. + 1 Fig</subfield></datafield><datafield ind1=" " ind2=" " tag="490"><subfield code="a">Annual Report</subfield></datafield><datafield ind1=" " ind2=" " tag="700"><subfield code="a">Berinde, A</subfield></datafield><datafield ind1=" " ind2=" " tag="852"><subfield code="a">37629</subfield></datafield></record></collection>